% Книга с одним автором

@BOOK{Krivulin2009,
	author       = {Николай Кимович Кривулин},
	title        = {Методы идемпотентной алгебры в задачах моделирования и анализа сложных систем},
	year         = {2009},
	publisher    = {Изд-во С.-Петерб. ун-та},
	location     = {СПб.},
	pagetotal    = {256},
	url = {http://www.math.spbu.ru/user/krivulin/Publs/978-5-288-04906-4.pdf},
	urldate = {2015-05-31},
	language = {russian}
  
}


% Книга с несколькими авторами

@BOOK{Barichev2011,
	author = {Баричев, С. Г. and Гончаров, В. В. and Серов, Р. Е.},
	title = {Основы современной криптографии: Учебный курс},
	edition = {3-е, стереотип.},
	publisher = {Горячая линия--Телеком},
	location = {М.},
	year = {2011},
	pagetotal = {175},
	language = {russian}
}


% Книга без указания авторам

@BOOK{BibOp91,
	title = {Составление библиографического описания: Краткие правила},
	organization = {Междувед. каталогизац. комис. при Гос. б-ке СССР им.~В.~И. Ленина},
	edition = {2-е, доп.},
	publisher = {Кн.~палата},
	location = {М.},
	year = {1991},
	pagetotal = {224},
	language = {russian}
}

% Статья в журнале

@ARTICLE{Melikov92,
	author = {Меликов, А. З. and Пономаренко, Л. А.},
	title = {Оптимизация цифровой сети интегрального обслуживания с конечным числом пользователей и блокировками},
	journal = {Автоматика и телемеханика},
	year = {1992},
	number = {6},
	pages = {34~-~38},
	language = {russian}
}


% Материалы конференции, форума и т.п.

@INPROCEEDINGS{Ponomarenko88,
	author = {Пономаренко, Л. А. and Жучкова, И. В.},
	title = {Оптимальное назначение приоритетов при организации доступа в локальных вычислительных сетях АСУТП},
	booktitle = {Труды Междунар.\ конф.\ <<Локальные вычислительные сети>> (ЛОКСЕТЬ 88)},
	volume = {1},
	publisher = {ИЭВТ АН Латвии},
	location = {Рига},
	year = {1988},
	pages = {149-153},
	language = {russian}
}

% Стандарт

@REFERENCE{GOST7052008,
	title = {Библиографическая ссылка. Общие требования и правила составления},
	media = {text},
	subtitle = {ГОСТ P 7.0.5-2008},
	specdata = {введ. 28.04.08},
	location = {М.},
	publisher = {Стандартинформ},
	year = {2008},
	pagetotal = {41},
	series = {Межгосударственный стандарт},
	language = {russian},
}

% Диссертация, автореферат

@PHDTHESIS{KIA95-default,
	author = {Котельников, Игорь Александрович},
	title = {Теория магнитного удержания двухкомпонентной плазмы в открытых ловушках},
	type = {Дис. ... д-ра физ.-мат.\ наук},
	number = {01.04.08},
	school = {Ин-т ядерной физики им.\ Г.~И. Будкера СО РАН},
	address = {Новосибирск},
	year = {1995},
	pagetotal = {350},
	language = {russian}
}


@THESIS{KIA95-autoref,
	author = {Котельников, Игорь Александрович},
	title = {Теория магнитного удержания двухкомпонентной плазмы в открытых ловушках},
	type = {Автореф.\ дис. ... д-ра физ.-мат.\ наук},
	number = {01.04.08},
	school = {Ин-т ядерной физики им.\ Г.~И. Будкера СО РАН},
	address = {Новосибирск},
	year = {1995},
	pagetotal = {43},
	language = {russian}
}


% Книга с одним автором

@BOOK{Kopilov2011,
	author       = {Копылов, В. И.},
	title        = {Курс дискретной математики: учебное пособие / В.~И.~Копылов},
	year         = {2011},
	publisher    = {Лань},
	location     = {Спб.},
	pagetotal    = {208},
	language     = {russian}
}

@BOOK{Voloshin,
	author		= {Voloshin, V.},
	title		= {Introduction to Graph and Hypergraph Theory / V. Voloshin},
	year		= {2009},
	publisher	= {Nova Science Publishers Inc},
	location	= {NY},
	pagetotal	= {287},
	language	= {english}
}

@BOOK{Bretto,
	author		= {Bretto, A.},
	title		= {Hypergraph Theory. An Introduction},
	year		= {2013},
	publisher 	= {Springer},
	location	= {NY},
	pagetotal	= {134},
	languager	= {english}
}

@BOOK{McClein, 
	author		= {Маклейн, С.},
	title		= {Категории для работающего математика},
	year		= {2004},
	publisher 	= {ФИЗМАТЛИТ},
	pagetotal	= {352},
	language 	= {russian}
}

@BOOK{Berry2003,
	author       = {Berry, M.},
	title        = {Survey of Text Mining I: Clustering, Classification, and Retrieval [Text]},
	year         = {2003},
	publisher    = {Springer},
	location     = {NY},
	pagetotal    = {261},
	language     = {english}
}

@BOOK{Wasserman1994,
	author       = {Wasserman, S.},
	title        = {Social Network Analysis: Methods and Applications},
	year         = {1994},
	publisher    = {Cambridge University Press.},
	location     = {Cambridge},
	pagetotal    = {857},
	language     = {english}
}

@BOOK{Traud,
	author       = {Traud, A.},
	title        = {Social Network Analysis: Methods and Applications [Text]},
	year         = {1994},
	publisher    = {Cambridge University Press.},
	location     = {Cambridge},
	pagetotal    = {857},
	language     = {english}
}

@article{Traud2011,
  author    = {Traud, A.},
  title     = {Social Structure of Facebook Networks / A. Traud, P. Mucha, M. Porter},
  journal   = {CoRR},
  volume    = {abs/1102.2166},
  year      = {2011},
  url       = {http://arxiv.org/abs/1102.2166},
  archivePrefix = {arXiv},
  eprint    = {1102.2166},
  biburl    = {https://dblp.org/rec/bib/journals/corr/abs-1102-2166},
  bibsource = {dblp computer science bibliography, https://dblp.org}
}


% Книга с несколькими авторами

@BOOK{EmelichevGraphs,
	author 		= {Емеличев, В. А.},
	title 		= {Лекции по теории графов / В.А. Емеличев, О.И. Мельников  В.И. Сарванов, Р.И. Тышкевич},
	publisher 	= {Наука},
	location 	= {М.},
	year		= {1990},
	pagetotal 	= {384},
	language 	= {russian}
}

@BOOK{Knyazkov2016,
	author 		= {Князьков, В. С.},
	title 		= {Введение в теорию графов [Электронный ресурс] : учеб. пособие / В.С. Князьков, Т.В. Волченская},
	publisher 	= {Национальный открытый университет <<Интуит>>},
	location 	= {М.},
	year		= {2016},
	pagetotal 	= {76},
	language 	= {russian}
}

@BOOK{Boyarinzeva2014,
	author 		= {Бояринцева, Т. И.},
	title 		= {Теория графов: метод. указания [Электронный ресурс] : учеб.-метод. пособие / Т.И. Бояринцева, А.А. Мастихина},
	publisher 	= {МГТУ им. Н.Э. Баумана},
	location 	= {М.},
	year		= {2014},
	pagetotal 	= {37},
	language 	= {russian}
}

@BOOK{Godunova2012,
	author 		= {Годунова, Е. К.},
	title 		= {Введение в теорию графов. Индивидуальные задания [Электронный ресурс] : учеб. пособие},
	publisher 	= {Издательство <<Прометей>>},
	location 	= {М.},
	year		= {2012},
	pagetotal 	= {46},
	language 	= {russian}
}

@BOOK{BasuMetagraphs,
	author		= {Basu, A.},
	title		= {Metagraphs and Their Applications / A. Basu, R. Blanning},
	publisher 	= {Springer},
	location	= {NY},
	year		= {2007},
	pagetotal	= {172},
	language 	= {english}
}

% Статья в журнале

@ARTICLE{Gallo, 
	author 		= {Gallo, G.},
	title 		= {Directed Hypergraphs and Applications / G. Gallo},
	journal 	= {Discrete Applied Mathematics},
	year		= {1993},
	number		= {42},
	pages		= {177-201},
	language 	= {english}
}

@ARTICLE{BluminTheorCategory,
	author		= {Блюмин, С. Л.},
	title		= {Метаграфы в теории категорий и графоструктурном моделировании},
	journal		= {Современные тенденции развития науки и технологий},
	year		= {2017},
	number		= {2},
	pages		= {16-18},
	language    = {russian}
}



@ARTICLE{BluminVLGTUOOG,
	author		= {Блюмин, С. Л.},
	title		= {Оргипергиперграфы: матрицы инцидентности и лапласианы},
	journal		= {Вестник ЛГТУ},
	year		= {2013},
	number		= {1 (21)},
	pages		= {15-27},
	language    = {russian}
}

@ARTICLE{BioNetwork,
	author		= {Xiaoduan, Y.},
	title		= {Hypergraph Model of Multi-Residue Interactions in Proteins: Sequentially-Constrained Partitioning Algorithms for Optimization of Site-Directed Protein Recombination / Y. Xiaoduan},
	journal		= {Journal of Computational Biology},
	year		= {2007},
	number		= {6},
	pages		= {777-790},
	language    = {russian}
}

@ARTICLE{JoslynN17,
  author    = {Joslyn, C.},
  title     = {Ubergraphs: {A} Definition of a Recursive Hypergraph Structure / C. Joslyn, K. Nowak},
  journal   = {CoRR},
  year      = {2017},
  url       = {http://arxiv.org/abs/1704.05547},
  archivePrefix = {arXiv},
  eprint    = {1704.05547},
}

@ARTICLE{ChernenkiiPI, 
	author 		= {Черненький, В. М.},
	title 		= {Метаграфовый подход для описания гибридных интеллектуальных информационных систем [Текст] / В.М. Черненький, Ю.Е. Гапанюк, Г.И. Ревунков, В.И. Терехов, Ю.Т. Каганов},
	journal 	= {Прикладная информатика},
	year		= {2017},
	number		= {3 (69)},
	pages		= {57-79},
	language 	= {russian}
}


@ARTICLE{ChernenkiiNRP, 
	author 		= {Черненький, В. М.},
	title 		= {Структура гибридной интеллектуальной информационной системы на основе метаграфов [Текст] / В.М. Черненький, В.И. Терехов, Ю.Е. Гапанюк},
	journal 	= {Нейрокомпьютеры: разработка, применение},
	year		= {2016},
	pages		= {3-13},
	language 	= {russian}
}

@ARTICLE{Etsuji, 
	author 		= {Etsuji, T.},
	title 		= {The worst-case time complexity for generating all maximal cliques and computational experiments / T. Etsuji, T. Akira, T. Haruhisa},
	journal 	= {Theoretical Computer Science},
	year		= {2006},
	pages		= {28-42},
	language 	= {english}
}

% Материалы конференции, форума и т.п.

@INPROCEEDINGS{BluminOgrHyperUBS,
	author = {Блюмин, С. Л.},
	title = {Оргиперграфы: матричные представления},
	booktitle = {Управление большими системами. Специальный выпуск 30.1 <<Сетевые модели в управлении>>},
	publisher = {ИПУ РАН},
	location = {М.},
	year = {2010},
	pages = {52-39},
	language = {russian}
}

@ARTICLE{Courcelle, 
	author 		= {Courcelle, B.},
	title 		= {Graph Rewriting / B. Courcelle},
	journal 	= {Handbook of Theoretical Computer Science. Part 2: Formal Models and Semantics},
	year		= {1990},
	location 	= {NY: North Holland},
	pages		= {193-242},
	language 	= {english}
}

@INPROCEEDINGS{BluminIterGG,
	author		= {Блюмин, С. Л.},
	title 		= {Итергиперграфы: расширенный класс графовых моделей больших систем},
	booktitle	= {Труды конференции <<Теория активных систем>>},
	publisher 	= {ИПУ РАН},
	location 	= {М.},
	year 		= {2011},
	pages 		= {11-15},
	language 	= {russian}
}

@INPROCEEDINGS{BluGalSarRemod,
	author		= {Блюмин, С. Л.},
	title		= {Математическое ремоделирование: некоторые традиционные подходы / С.Л. Блюмин, А.В. Галкин, П.В. Сараев},
	booktitle	= {Новые технологии в научных исследованиях, проектировании, управлении, производстве: труды Междунар. науч.-техн. конф.},
	publisher 	= {ВГУ},
	location	= {Воронеж},
	year		= {2017},
	language 	= {russian,}
}

@INPROCEEDINGS{GalSarRemod,
	author		= {Галкин, А. В.},
	title		= {Ремоделирование и трансформация моделей в нейро-нечеткие / А.В. Галкин, П.В. Сараев},
	booktitle	= {Наукоемкие технологии и инновации: Междунар. науч.-практ. конф.},
	publisher 	= {БГТУ им. В.Г. Шухова},
	location	= {Белгород},
	year		= {2016},
	language 	= {russian}
}

@INPROCEEDINGS{PrinkovRemodMetro,
	author		= {Приньков, А. С.},
	title		= {Графоструктурное ремоделирование метаграфами сложных систем на примере московского метрополитена},
	booktitle	= {HTCS'2017 : мат-лы XII междунар. науч.-практ. конф., 25-27 октября 2017 г. В 2 ч. Ч. 1.},
	publisher 	= {ЛГТУ},
	location	= {Липецк},
	year		= {2017},
	language 	= {russian}
}

@INPROCEEDINGS{PrinkovRemodProg,
	author		= {Приньков, А. С.},
	title		= {Разработка программного обеспечения для графоструктурного ремоделирования сложных систем},
	booktitle	= {HTCS'2017 : мат-лы XII междунар. науч.-практ. конф., 25-27 октября 2017 г. В 2 ч. Ч. 2.},
	publisher 	= {ЛГТУ},
	location	= {Липецк},
	year		= {2017},
	language 	= {russian}
}

@INPROCEEDINGS{BluminCycleHyper,
	author		= {Blyumin, S. L.},
	title		= {Interval Cyclic Hypergraphs for Modeling of Transportation Systems [Text] / S.L. Blyumin, A.V. Galkin, D.L. Prikhodko, P.V. Saraev, A.S Sysoev},
	booktitle 	= {Second International Conference on Traffic and Transport Engineering (ICTTE)},
	location	= {Belgrade , Serbia},
	year		= {2014},
	pages		= {157-163},
	language 	= {english}
}

@INPROCEEDINGS{Huang2015,
	author		= {Huang, J.},
	title		= {Scalable Hypergraph Learning and Processing [Text] / Huang J. Zhang R.,  Xu Yu J.},
	booktitle 	= {Data Mining (ICDM), 2015 IEEE International Conference on --- Atlantic City},
	location	= {USA, NJ},
	year		= {2015},
	language 	= {english}
}

@INPROCEEDINGS{Zhou2007,
  title = {Learning with Hypergraphs: Clustering, Classification, and Embedding / D. Zhou, J. Huang, B.  Sch{\"o}lkopf},
  author = {Zhou, D.},
  journal = {Advances in Neural Information Processing Systems 19: Proceedings of the 2006 Conference},
  booktitle = {Advances in Neural Information Processing Systems 19},
  pages = {1601-1608},
  editors = {B Sch{\"o}lkopf and J Platt and T Hofmann},
  publisher = {MIT Press},
  school = {Biologische Kybernetik},
  address = {Cambridge, MA, USA},
  year = {2007}
}

@INPROCEEDINGS{PrinkovEmergency,
	author		= {Приньков, А. С.},
	title		= {Гносеологическое обоснование ремоделирования систем с эмерджентными свойствами на примере метаграфового подхода},
	booktitle 	= {Шаг в будущее: искусственный интеллект и цифровая экономика},
	location	= {М.},
	publisher 	= {Издательский дом ГУУ},
	year		= {2017},
	pages 		= {360-366},
	language 	= {russian}
}

@INPROCEEDINGS{ChernenkiiNI,
	author		= {Черненький, В. М.},
	title		= {Представление сложных сетей на основе метаграфов [Текст] / В.М. Черненький, В.И. Терехов, Ю.Е. Гапанюк},
	booktitle 	= {Нейроинформатика-2016. XVIII Всероссийская научно-техническая конференция},
	location	= {М.},
	publisher 	= {НИЯУ МИФИ},
	year		= {2016},
	pages 		= {173-178},
	language 	= {russian}
}

@INPROCEEDINGS{BluminPrinkovTend,
	author		= {Блюмин, С. Л.},
	title		= {Графоструктурные тенденции развития ИИС: применение гиперграфов, метаграфов, итерграфов и их матричных представлений [Текст] / С.Л. Блюмин, А.С. Приньков},
	booktitle 	= {Проблемы фундаментальной и прикладной информатики в управлении, автоматизации и мехатронике},
	location	= {Курск},
	publisher 	= {ЗАО <<Университетская книга>>},
	year		= {2017},
	pages 		= {5-13},
	language 	= {russian}
}

@INPROCEEDINGS{chinaPostman,
	author		= {Drexl, M.},
	title		= {On the generalized directed rural postman problem / M. Drexl},
	booktitle 	= {Journal of the Operational Research Society},
	location	= {NY},
	publisher 	= {Springer},
	year		= {2014},
	pages 		= {1143-1154},
	language 	= {english}
}

@ARTICLE{metroParis,
  author    = {Florian Sikora},
  title     = {The shortest way to visit all metro lines in Paris},
  journal   = {CoRR},
  year      = {2017},
  url       = {http://arxiv.org/abs/1709.05948},
  archivePrefix = {arXiv},
  eprint    = {1709.05948},
}
